<record><leader>00000cas a22000007a 4500</leader><controlfield tag="001">37476879</controlfield><controlfield tag="008">970815d1925192uokuwr n       0    0eng d</controlfield><datafield ind1=" " ind2=" " tag="010"><subfield code="a">sn 97070157 </subfield></datafield><datafield ind1=" " ind2=" " tag="040"><subfield code="a">OBN</subfield><subfield code="b">eng</subfield><subfield code="c">OBN</subfield><subfield code="d">OCLCQ</subfield><subfield code="d">OCLCO</subfield><subfield code="d">OCLCF</subfield><subfield code="d">OCLCA</subfield></datafield><datafield ind1="1" ind2=" " tag="029"><subfield code="a">AU@</subfield><subfield code="b">000013434980</subfield></datafield><datafield ind1=" " ind2=" " tag="042"><subfield code="a">msc</subfield></datafield><datafield ind1=" " ind2=" " tag="043"><subfield code="a">n-us-ok</subfield></datafield><datafield ind1="0" ind2=" " tag="130"><subfield code="a">Wilson democrat (Wilson, Okla.)</subfield></datafield><datafield ind1="1" ind2="4" tag="245"><subfield code="a">The Wilson democrat.</subfield></datafield><datafield ind1="3" ind2=" " tag="246"><subfield code="a">Democrat</subfield></datafield><datafield ind1=" " ind2=" " tag="260"><subfield code="a">Wilson, Carter County, Okla. :</subfield><subfield code="b">J.L. Brandy</subfield></datafield><datafield ind1=" " ind2=" " tag="300"><subfield code="a">v.</subfield></datafield><datafield ind1=" " ind2=" " tag="310"><subfield code="a">Weekly,</subfield><subfield code="b">Apr. 3, 1926-</subfield></datafield><datafield ind1=" " ind2=" " tag="321"><subfield code="a">Semiweekly,</subfield><subfield code="b">Feb. 9-Mar. 27, 1926</subfield></datafield><datafield ind1=" " ind2=" " tag="321"><subfield code="a">Weekly,</subfield><subfield code="b">July 16, 1925-Feb. 4, 1926</subfield></datafield><datafield ind1="0" ind2=" " tag="362"><subfield code="a">Vol. 3, no. 32 (July 16, 1925)-</subfield></datafield><datafield ind1=" " ind2=" " tag="500"><subfield code="a">Published as: The Democrat, Feb. 9, 1926-Jan. 5, 1927.</subfield></datafield><datafield ind1=" " ind2="0" tag="651"><subfield code="a">Wilson (Okla.)</subfield><subfield code="v">Newspapers.</subfield></datafield><datafield ind1=" " ind2="0" tag="651"><subfield code="a">Carter County (Okla.)</subfield><subfield code="v">Newspapers.</subfield></datafield><datafield ind1=" " ind2="7" tag="655"><subfield code="a">Newspapers.</subfield><subfield code="2">fast</subfield><subfield code="0">(OCoLC)fst01423814</subfield></datafield><datafield ind1=" " ind2="7" tag="651"><subfield code="a">Oklahoma</subfield><subfield code="z">Carter County.</subfield><subfield code="2">fast</subfield><subfield code="0">(OCoLC)fst01216114</subfield></datafield><datafield ind1=" " ind2="7" tag="651"><subfield code="a">Oklahoma</subfield><subfield code="z">Wilson.</subfield><subfield code="2">fast</subfield><subfield code="0">(OCoLC)fst01927981</subfield></datafield><datafield ind1=" " ind2=" " tag="752"><subfield code="a">United States</subfield><subfield code="b">Oklahoma</subfield><subfield code="c">Carter</subfield><subfield code="d">Wilson.</subfield></datafield><datafield ind1="0" ind2="0" tag="780"><subfield code="t">Wilson daily democrat (Wilson, Okla.)</subfield><subfield code="w">(DLC)sn 97070156</subfield><subfield code="w">(OCoLC)37476614</subfield></datafield><datafield ind1="0" ind2="7" tag="785"><subfield code="t">Wilson post</subfield></datafield><datafield ind1="0" ind2="7" tag="785"><subfield code="t">Wilson post-democrat</subfield><subfield code="w">(DLC)sn 97070158</subfield><subfield code="w">(OCoLC)37476932</subfield></datafield></record>